@article{introspective,
  title={Introspective classification for robot perception},
  author={Grimmett, Hugo and Triebel, Rudolph and Paul, Rohan and Posner, Ingmar},
  journal={The International Journal of Robotics Research},
  year={2015},
  publisher={SAGE Publications}
}

@article{flownet,
  title={FlowNet: Learning Optical Flow with Convolutional Networks},
  author={Fischer, Philipp and Dosovitskiy, Alexey and Ilg, Eddy and H{\"a}usser, Philip and Haz{\i}rba{\c{s}}, Caner and Golkov, Vladimir and van der Smagt, Patrick and Cremers, Daniel and Brox, Thomas},
  journal={IEEE International Conference on Computer Vision},
  year={2015},
}
